@inproceedings{Zhang2016Highway,
  title={Highway long short-term memory RNNS for distant speech recognition},
  author={Zhang, Yu and Chen, Guoguo and Yu, Dong and Yaco, Kaisheng and Khudanpur, Sanjeev and Glass, James},
  booktitle={IEEE International Conference on Acoustics, Speech and Signal Processing},
  pages={5755-5759},
  year={2016},
}

@inproceedings{Anguera2006Robust,
  title={Robust speaker diarization for meetings: ICSI RT06S meetings evaluation system},
  author={Anguera, Xavier and Wooters, Chuck and Pardo, Jose M.},
  booktitle={International Workshop on Machine Learning for Multimodal Interaction},
  pages={346-358},
  year={2006},
}

@inproceedings{Nguyen2009The,
  title={The IIR-NTU speaker diarization systems for RT 2009},
  author={Nguyen, T. and Sun, H. and Zhao, S. and Khine, Szk and Tran, H. D. and Ma, Tln and Ma, B. and Chng, E. S. and Li, H.},
  booktitle={Rt},
  year={2009},
}

@article{Nwe2012Speaker,
  title={Speaker Clustering and Cluster Purification Methods for RT07 and RT09 Evaluation Meeting Data},
  author={Nwe, Tin Lay and Sun, Hanwu and Ma, Bin and Li, Haizhou},
  journal={IEEE Transactions on Audio Speech and Language Processing},
  volume={20},
  number={2},
  pages={461-473},
  year={2012},
}

@inproceedings{Fredouille2006Technical,
  title={Technical improvements of the E-HMM based speaker diarization system for meeting records},
  author={Fredouille, Corinne},
  booktitle={International Conference on Machine Learning for Multimodal Interaction},
  pages={359-370},
  year={2006},
}

@article{Bozonnet2010The,
  title={The LIA-Eurecom RT'09 speaker diarization system : enhancements in speaker modelling and cluster purification},
  author={Bozonnet, Simon and Nicholas, Evans and Fredouille, Corinne},
  journal={ICASSP 2010, IEEE international conference on acoustics, speech and signal processing},
  pages={4958-4961},
  year={2010},
}

@inproceedings{Fredouille2009The,
  title={The LIA-EURECOM RT`09 Speaker Diarization System},
  author={Fredouille, Corinne and Bozonnet, Simon and Evans, Nicholas W D},
  booktitle={RT 2009, NIST Rich Transcription Workshop, May 28-29, 2009, Melbourne, USA},
  pages={4958 - 4961},
  year={2009},
}

@article{dehak2011front,
  title={Front-end factor analysis for speaker verification},
  author={Dehak, Najim and Kenny, Patrick J and Dehak, R{\'e}da and Dumouchel, Pierre and Ouellet, Pierre},
  journal={IEEE Transactions on Audio, Speech, and Language Processing},
  volume={19},
  number={4},
  pages={788--798},
  year={2011},
  publisher={IEEE}
}

@inproceedings{yamada2013improvement,
  title={Improvement of distant-talking speaker identification using bottleneck features of DNN.},
  author={Yamada, Takanori and Wang, Longbiao and Kai, Atsuhiko},
  booktitle={Interspeech},
  pages={3661--3664},
  year={2013}
}

@inproceedings{Snyder2016Time,
  title={Time delay deep neural network-based universal background models for speaker recognition},
  author={Snyder, David and Garcia-Romero, Daniel and Povey, Daniel},
  booktitle={Automatic Speech Recognition and Understanding},
  pages={92-97},
  year={2016},
}

@inproceedings{mclaren2015advances,
  title={Advances in deep neural network approaches to speaker recognition},
  author={McLaren, Mitchell and Lei, Yun and Ferrer, Luciana},
  booktitle={Acoustics, Speech and Signal Processing (ICASSP), 2015 IEEE International Conference on},
  pages={4814--4818},
  year={2015},
  organization={IEEE}
}

@inproceedings{Ying2011Noise,
  title={Noise power estimation based on a sequential Gaussian Mixture Model},
  author={Ying, Dongwen and Yan, Yonghong and Dang, Jianwu and Soong, F. K},
  booktitle={International Congress on Image and Signal Processing},
  pages={2362-2365},
  year={2011},
}

@conference{brin_page_1998,
  added-at = {2012-04-02T16:26:29.000+0200},
  author = {Brin, S. and Page, L.},
  biburl = {http://www.bibsonomy.org/bibtex/25b9799a1bb9c76a645fd954f5ef4abb5/eakaluk},
  booktitle = { Proceedings of the 7th International Conference on World Wide Web},
  interhash = {1234ad3633d435ef79d8a7f36dafa0a9},
  intrahash = {5b9799a1bb9c76a645fd954f5ef4abb5},
  keywords = {},
  timestamp = {2012-04-02T16:26:29.000+0200},
  title = { The Anatomy of a Large-Scale Hypertextual Web Search Engine},
  year = { 1998}
}

@book{Bishop:2006:PRM:1162264,
 author = {Bishop, Christopher M.},
 title = {Pattern Recognition and Machine Learning (Information Science and Statistics)},
 year = {2006},
 isbn = {0387310738},
 publisher = {Springer-Verlag New York, Inc.},
 address = {Secaucus, NJ, USA},
}

@book{Liu2006HKUST,
  title={HKUST/MTS: A Very Large Scale Mandarin Telephone Speech Corpus},
  author={Liu, Yi and Fung, Pascale and Yang, Yongsheng and Cieri, Christopher and Huang, Shudong and Graff, David},
  publisher={Springer Berlin Heidelberg},
  pages={724-735},
  year={2006},
}

@article{Dehak2010Cosine,
  title={Cosine similarity scoring without score normalization techniques},
  author={Dehak, Najim and Dehak, Reda and Glass, James and Reynolds, Douglas and Kenny, Patrick},
  journal={Proceedings of Odyssey 2010 - The Speaker and Language Recognition Workshop},
  year={2010},
}

@inproceedings{Zhang2014Improving,
  title={Improving deep neural network acoustic models using generalized maxout networks},
  author={Zhang, Xiaohui and Trmal, Jan and Povey, Daniel and Khudanpur, Sanjeev},
  booktitle={IEEE International Conference on Acoustics, Speech and Signal Processing},
  pages={215-219},
  year={2014},
}

@inproceedings{Li2008Learning,
  title={Learning query intent from regularized click graphs},
  author={Li, Xiao and Wang, Ye Yi and Acero, Alex},
  booktitle={International ACM SIGIR Conference on Research and Development in Information Retrieval},
  pages={339-346},
  year={2008},
}

@book{Salton1988Term,
  title={Term-weighting approaches in automatic text retrieval},
  author={Salton, Gerard and Buckley, Christopher},
  publisher={Pergamon Press, Inc.},
  pages={513-523},
  year={1988},
}














@article{Savino2011NUANCE,
  title={NUANCE ADVANCES INTO VOICE BIOMETRICS},
  author={Savino, Kathleen and Klie, Leonard},
  year={2011},
}

@article{Heigold2015End,
  title={End-to-End Text-Dependent Speaker Verification},
  author={Heigold, Georg and Moreno, Ignacio and Bengio, Samy and Shazeer, Noam},
  journal={Computer Science},
  pages={5115-5119},
  year={2015},
}

@article{Li2017Deep,
  title={Deep Speaker: an End-to-End Neural Speaker Embedding System},
  author={Li, Chao and Ma, Xiaokong and Jiang, Bing and Li, Xiangang and Zhang, Xuewei and Liu, Xiao and Cao, Ying and Kannan, Ajay and Zhu, Zhenyao},
  year={2017},
}

@article{iflytek,
  title={iFLYTEK's Speech Verification},
  url={http://www.iflytek.com/en/audioengine/list_2.html},
}

@book{Chen2016Training,
  title={Training deep bidirectional LSTM acoustic model for LVCSR by a context-sensitive-chunk BPTT approach},
  author={Chen, Kai and Huo, Qiang},
  publisher={IEEE Press},
  year={2016},
}

@inproceedings{Graves2014Hybrid,
  title={Hybrid speech recognition with Deep Bidirectional LSTM},
  author={Graves, Alex and Jaitly, Navdeep and Mohamed, Abdel Rahman},
  booktitle={Automatic Speech Recognition and Understanding},
  pages={273-278},
  year={2014},
}

@book{Reynolds2009Universal,
  title={Universal Background Models},
  author={Reynolds, Douglas},
  publisher={Springer US},
  pages={1 - 6},
  year={2009},
}

@article{Miro2012Speaker,
  title={Speaker Diarization: A Review of Recent Research},
  author={Miro, X. Anguera and Bozonnet, S. and Evans, N. and Fredouille, C. and Friedland, G. and Vinyals, O.},
  journal={IEEE Transactions on Audio Speech and Language Processing},
  volume={20},
  number={2},
  pages={356-370},
  year={2012},
}

@inproceedings{Mclaren2016On,
  title={On the Issue of Calibration in DNN-Based Speaker Recognition Systems},
  author={Mclaren, Mitchell and Castan, Diego and Ferrer, Luciana and Lawson, Aaron},
  booktitle={INTERSPEECH},
  pages={1825-1829},
  year={2016},
}

@inproceedings{Pan2013Investigation,
  title={Investigation of deep neural networks (DNN) for large vocabulary continuous speech recognition: Why DNN surpasses GMMS in acoustic modeling},
  author={Pan, Jia and Liu, Cong and Wang, Zhiguo and Hu, Yu and Jiang, Hui},
  booktitle={International Symposium on Chinese Spoken Language Processing},
  pages={301-305},
  year={2013},
}

@inproceedings{Lei2014A,
  title={A novel scheme for speaker recognition using a phonetically-aware deep neural network},
  author={Lei, Yun and Scheffer, Nicolas and Ferrer, Luciana and Mclaren, Mitchell},
  booktitle={IEEE International Conference on Acoustics, Speech and Signal Processing},
  pages={1695-1699},
  year={2014},
}

@inproceedings{Matejka2014N,
  title={Neural network bottleneck features for language identification},
  author={Pavel Matejka and Le Zhang and Tim Ng and Sri Harish Mallidi and Ondrej Glembek and Jeff Ma1 and Bing Zhang},
  booktitle={The Speaker and Language Recognition Workshop 16-19 June 2014, Joensuu, Finland},
  year={2014},
}

@article{Shum2010Unsupervised,
  title={Unsupervised Speaker Adaptation based on the Cosine Similarity for Text-Independent Speaker Verification},
  author={Shum, Stephen and Dehak, Najim and Dehak, Reda and Glass, James R},
  journal={Proc Odyssey},
  year={2010},
}

@article{Yu2014An,
  title={An Introduction to Computational Networks and the Computational Network Toolkit},
  author={Yu, Dong and Eversole, Adam and Seltzer, Mike and Yao, Kaisheng and Kuchaiev, Oleksii and Zhang, Yu and Seide, Frank and Huang, Zhiheng and Guenter, Brian and Wang, Huaming},
  journal={Microsoft Research},
  year={2014},
}

@inproceedings{Glembek2011Simplification,
  title={Simplification and optimization of i-vector extraction},
  author={Glembek, Ond?ej and Burget, Luk¨¢? and Mat¨§jka, Pavel and Karafi¨¢t, Martin and Kenny, Patrick},
  booktitle={IEEE International Conference on Acoustics, Speech and Signal Processing},
  pages={4516-4519},
  year={2011},
}

@inproceedings{Li2014A,
  title={A new fast and memory effective i-vector extraction based on factor analysis of KLD derived GMM supervector},
  author={Li, Zhi Yi and Zhang, Wei Qiang and Tian, Yao and Liu, Jia},
  booktitle={International Symposium on Chinese Spoken Language Processing},
  pages={163-167},
  year={2014},
}
